<record><leader>00000cas a2200000Ia 4500</leader><controlfield tag="001">15772181</controlfield><controlfield tag="008">870530c19869999mnumr ne      0   a0eng d</controlfield><datafield ind1=" " ind2=" " tag="010"><subfield code="a">sn 93060381 </subfield></datafield><datafield ind1=" " ind2=" " tag="040"><subfield code="a">MNG</subfield><subfield code="c">MNG</subfield><subfield code="d">MQN</subfield></datafield><datafield ind1="0" ind2="4" tag="245"><subfield code="a">The Metro Lutheran.</subfield></datafield><datafield ind1=" " ind2=" " tag="260"><subfield code="a">Minneapolis, Minn. :</subfield><subfield code="b">Twin Cities Lutheran Newspaper, Inc.,</subfield><subfield code="c">1986-</subfield></datafield><datafield ind1=" " ind2=" " tag="300"><subfield code="a">v.</subfield></datafield><datafield ind1=" " ind2=" " tag="310"><subfield code="a">Monthly,</subfield><subfield code="b">February, 1986-</subfield></datafield><datafield ind1="0" ind2=" " tag="362"><subfield code="a">Vol. 1, no. 1 (Feb. 1986)-</subfield></datafield><datafield ind1=" " ind2=" " tag="500"><subfield code="a">Preceeded by two prototype eds. : No. 0, June 1985. and No. 0 Intro ed. no. 2, Oct. 1985.</subfield></datafield><datafield ind1=" " ind2="0" tag="650"><subfield code="a">Lutheran Church</subfield><subfield code="v">Newspapers.</subfield></datafield><datafield ind1=" " ind2=" " tag="752"><subfield code="a">United States</subfield><subfield code="b">Minnesota</subfield><subfield code="c">Hennepin</subfield><subfield code="d">Minneapolis.</subfield></datafield><datafield ind1=" " ind2=" " tag="994"><subfield code="a">11</subfield><subfield code="b">OCL</subfield><subfield code="i">01052</subfield></datafield></record>